

@misc{blockchain_pulse_ibm_blockchain_blog_2020, title={Top five blockchain benefits transforming your industry}, url={https://www.ibm.com/blogs/blockchain/2018/02/top-five-blockchain-benefits-transforming-your-industry/}, journal={Blockchain Pulse: IBM Blockchain Blog}, year={2020}, month={Feb}}

@misc{cointelegraph_2018, title={What is Ethereum}, url={https://cointelegraph.com/ethereum-for-beginners/what-is-ethereum}, journal={Cointelegraph}, publisher={Cointelegraph}, author={Cointelegraph}, year={2018}, month={Feb}}

@misc{coin_center, title={What is "open source" and why is it important for cryptocurrency and open blockchain projects?}, url={https://coincenter.org/entry/what-is-open-source-and-why-is-it-important-for-cryptocurrency-and-open-blockchain-projects}, journal={Coin Center}}

@misc{hurley_feed, title={12 challenges for open source projects}, url={https://opensource.com/life/14/6/12-challenges-open-source-projects}, journal={Opensource.com}, author={Hurley Feed, David}}

